<?xml version="1.0" encoding="UTF-8"?><collection xmlns="http://www.loc.gov/MARC21/slim"><record><leader>00454nam--2200133-i-4500</leader><controlfield tag="001">000043782</controlfield><controlfield tag="002">20161230</controlfield><controlfield tag="005">20161230201044</controlfield><controlfield tag="008">060222s1000------------r-----000-0-eng-d</controlfield><datafield ind1=" " ind2=" " tag="080"><subfield code="a">62-52</subfield></datafield><datafield ind1=" " ind2=" " tag="100"><subfield code="a">Tataru,N.N</subfield></datafield><datafield ind1=" " ind2=" " tag="245"><subfield code="a">Metoda de optimizare automata si reglare adaptiva a parametrilor unui sistem automat. autoreferat la teza intocmita pentru obtinerea titlului de doctor inginer</subfield></datafield><datafield ind1=" " ind2=" " tag="260"><subfield code="a">Bucuresti, Inst.De Energetica, 1969. 38 P</subfield></datafield><datafield ind1=" " ind2=" " tag="852"><subfield code="a">32623</subfield></datafield></record></collection>